<?xml version='1.0' encoding='utf-8'?>
<record xmlns="http://www.loc.gov/MARC21/slim" xmlns:xsi="http://www.w3.org/2001/XMLSchema-instance">
  <leader>^^^^^nam^a22003251^^4500</leader>
  <controlfield tag="001">000833013</controlfield>
  <controlfield tag="005">20030825000000.0</controlfield>
  <controlfield tag="006">m^^^^^^^^d^^^^^^^^</controlfield>
  <controlfield tag="007">cr^bn^---auaua</controlfield>
  <controlfield tag="008">880907m18961901ohubcef^^^^^^^000^0^eng^^</controlfield>
  <datafield tag="010" ind1=" " ind2=" ">
    <subfield code="a">03006351</subfield>
  </datafield>
  <datafield tag="035" ind1=" " ind2=" ">
    <subfield code="a">(RLIN)MIUG87-B61720</subfield>
  </datafield>
  <datafield tag="035" ind1=" " ind2=" ">
    <subfield code="a">(CaOTULAS)175631675</subfield>
  </datafield>
  <datafield tag="035" ind1=" " ind2=" ">
    <subfield code="a">(OCoLC)ocm02954235</subfield>
  </datafield>
  <datafield tag="035" ind1=" " ind2=" ">
    <subfield code="a">sdr-nrlfGLAD67498709-B</subfield>
  </datafield>
  <datafield tag="035" ind1=" " ind2=" ">
    <subfield code="a">sdr-nyp.b126628270</subfield>
  </datafield>
  <datafield tag="035" ind1=" " ind2=" ">
    <subfield code="a">sdr-yale5390711</subfield>
  </datafield>
  <datafield tag="035" ind1=" " ind2=" ">
    <subfield code="a">sdr-uva.u435342</subfield>
  </datafield>
  <datafield tag="035" ind1=" " ind2=" ">
    <subfield code="a">sdr-ucla1828249</subfield>
  </datafield>
  <datafield tag="040" ind1=" " ind2=" ">
    <subfield code="c">MiU</subfield>
    <subfield code="d">MiU</subfield>
  </datafield>
  <datafield tag="041" ind1="0" ind2=" ">
    <subfield code="a">eng</subfield>
    <subfield code="a">fre</subfield>
    <subfield code="a">ita</subfield>
    <subfield code="a">lat</subfield>
  </datafield>
  <datafield tag="050" ind1="0" ind2="0">
    <subfield code="a">F1030.7</subfield>
    <subfield code="b">.C96</subfield>
  </datafield>
  <datafield tag="245" ind1="0" ind2="4">
    <subfield code="a">The Jesuit relations and allied documents ;</subfield>
    <subfield code="b">travels and explorations of the Jesuit missionaries in New France, 1610-1791; the original French, Latin, and Italian texts, with English translations and notes /</subfield>
    <subfield code="c">illustrated by portraits, maps, and facsimiles; ed. by Rueben Gold Thwaites.</subfield>
  </datafield>
  <datafield tag="260" ind1=" " ind2=" ">
    <subfield code="a">Cleveland :</subfield>
    <subfield code="b">The Burrows brothers company,</subfield>
    <subfield code="c">1896-1901.</subfield>
  </datafield>
  <datafield tag="300" ind1=" " ind2=" ">
    <subfield code="a">73 v. :</subfield>
    <subfield code="b">front., illus., pl., ports., maps (part fold.) plans, facsims. (part fold.) ;</subfield>
    <subfield code="c">23 cm</subfield>
  </datafield>
  <datafield tag="500" ind1=" " ind2=" ">
    <subfield code="a">A limited edition of 750 sets.</subfield>
  </datafield>
  <datafield tag="538" ind1=" " ind2=" ">
    <subfield code="a">Mode of access: Internet.</subfield>
  </datafield>
  <datafield tag="610" ind1="2" ind2="0">
    <subfield code="a">Jesuits</subfield>
    <subfield code="x">Missions.</subfield>
  </datafield>
  <datafield tag="650" ind1=" " ind2="0">
    <subfield code="a">Indians of North America</subfield>
    <subfield code="x">Missions.</subfield>
  </datafield>
  <datafield tag="650" ind1=" " ind2="0">
    <subfield code="a">Indians of North America</subfield>
    <subfield code="v">Bibliography.</subfield>
  </datafield>
  <datafield tag="651" ind1=" " ind2="0">
    <subfield code="a">New France</subfield>
    <subfield code="x">Discovery and exploration.</subfield>
  </datafield>
  <datafield tag="651" ind1=" " ind2="0">
    <subfield code="a">Canada</subfield>
    <subfield code="x">History</subfield>
    <subfield code="v">Sources.</subfield>
  </datafield>
  <datafield tag="651" ind1=" " ind2="0">
    <subfield code="a">New France</subfield>
    <subfield code="v">Bibliography.</subfield>
  </datafield>
  <datafield tag="700" ind1="1" ind2=" ">
    <subfield code="a">Thwaites, Reuben Gold,</subfield>
    <subfield code="d">1853-1913,</subfield>
    <subfield code="e">ed.</subfield>
  </datafield>
  <datafield tag="700" ind1="1" ind2=" ">
    <subfield code="a">Jones, A. E.</subfield>
    <subfield code="q">(Arthur Edward),</subfield>
    <subfield code="d">1838-1918.</subfield>
  </datafield>
  <datafield tag="710" ind1="2" ind2=" ">
    <subfield code="a">Jesuits.</subfield>
    <subfield code="t">Letters from Missions (North America)</subfield>
  </datafield>
  <datafield tag="852" ind1="8" ind2=" ">
    <subfield code="a">MiU-H</subfield>
    <subfield code="b">BENT</subfield>
    <subfield code="h">2009132 Aa 2</subfield>
  </datafield>
  <datafield tag="997" ind1=" " ind2=" ">
    <subfield code="a">MARS</subfield>
  </datafield>
  <datafield tag="998" ind1=" " ind2=" ">
    <subfield code="c">JMH</subfield>
    <subfield code="s">9124</subfield>
  </datafield>
  <datafield tag="955" ind1=" " ind2=" ">
    <subfield code="b">BENT</subfield>
    <subfield code="p">39015071739192</subfield>
    <subfield code="z">v.17: Hurons, Three Rivers 1639-1640</subfield>
  </datafield>
  <datafield tag="955" ind1=" " ind2=" ">
    <subfield code="b">BENT</subfield>
    <subfield code="p">39015071739200</subfield>
    <subfield code="z">v.16: Quebec, Hurons 1639</subfield>
  </datafield>
  <datafield tag="955" ind1=" " ind2=" ">
    <subfield code="b">BENT</subfield>
    <subfield code="p">39015071739218</subfield>
    <subfield code="z">v.19: Quebec, Hurons 1640</subfield>
  </datafield>
  <datafield tag="955" ind1=" " ind2=" ">
    <subfield code="b">BENT</subfield>
    <subfield code="p">39015071739226</subfield>
    <subfield code="z">v.18: Hurons, Quebec 1640</subfield>
  </datafield>
  <datafield tag="955" ind1=" " ind2=" ">
    <subfield code="b">BENT</subfield>
    <subfield code="p">39015071739234</subfield>
    <subfield code="z">v.11: Hurons, Quebec 1636-1637</subfield>
  </datafield>
  <datafield tag="955" ind1=" " ind2=" ">
    <subfield code="b">BENT</subfield>
    <subfield code="p">39015071739242</subfield>
    <subfield code="z">v.15: Hurons, Quebec 1638-1639</subfield>
  </datafield>
  <datafield tag="955" ind1=" " ind2=" ">
    <subfield code="b">BENT</subfield>
    <subfield code="p">39015071739259</subfield>
    <subfield code="z">v.14: Hurons, Quebec 1637-1638</subfield>
  </datafield>
  <datafield tag="955" ind1=" " ind2=" ">
    <subfield code="b">BENT</subfield>
    <subfield code="p">39015071739267</subfield>
    <subfield code="z">v.13: Hurons 1637</subfield>
  </datafield>
  <datafield tag="955" ind1=" " ind2=" ">
    <subfield code="b">BENT</subfield>
    <subfield code="p">39015071739275</subfield>
    <subfield code="z">v.12: Quebec 1637</subfield>
  </datafield>
  <datafield tag="955" ind1=" " ind2=" ">
    <subfield code="b">BENT</subfield>
    <subfield code="p">39015071739283</subfield>
    <subfield code="z">v.3: Acadia 1611-1616</subfield>
  </datafield>
  <datafield tag="955" ind1=" " ind2=" ">
    <subfield code="b">BENT</subfield>
    <subfield code="p">39015071739291</subfield>
    <subfield code="z">v.2: Acadia 1612-1614</subfield>
  </datafield>
  <datafield tag="955" ind1=" " ind2=" ">
    <subfield code="b">BENT</subfield>
    <subfield code="p">39015071739309</subfield>
    <subfield code="z">v.1: Acadia 1610-1613</subfield>
  </datafield>
  <datafield tag="955" ind1=" " ind2=" ">
    <subfield code="b">BENT</subfield>
    <subfield code="p">39015071739317</subfield>
    <subfield code="z">v.6: Quebec 1633-1634</subfield>
  </datafield>
  <datafield tag="955" ind1=" " ind2=" ">
    <subfield code="b">BENT</subfield>
    <subfield code="p">39015071739325</subfield>
    <subfield code="z">v.5: Quebec 1632-1633</subfield>
  </datafield>
  <datafield tag="955" ind1=" " ind2=" ">
    <subfield code="b">BENT</subfield>
    <subfield code="p">39015071739333</subfield>
    <subfield code="z">v.4: Acadia and Quebec 1616-1629</subfield>
  </datafield>
  <datafield tag="955" ind1=" " ind2=" ">
    <subfield code="b">BENT</subfield>
    <subfield code="p">39015071739341</subfield>
    <subfield code="z">v.8: Quebec, Hurons, Cape Breton 1634-1636</subfield>
  </datafield>
  <datafield tag="955" ind1=" " ind2=" ">
    <subfield code="b">BENT</subfield>
    <subfield code="p">39015071739358</subfield>
    <subfield code="z">v.7: Quebec, Hurons, Cape Breton 1634-1635</subfield>
  </datafield>
  <datafield tag="955" ind1=" " ind2=" ">
    <subfield code="b">BENT</subfield>
    <subfield code="p">39015071739366</subfield>
    <subfield code="z">v.10: Quebec 1636</subfield>
  </datafield>
  <datafield tag="955" ind1=" " ind2=" ">
    <subfield code="b">BENT</subfield>
    <subfield code="p">39015071739374</subfield>
    <subfield code="z">v.9: Quebec 1636</subfield>
  </datafield>
  <datafield tag="955" ind1=" " ind2=" ">
    <subfield code="b">BENT</subfield>
    <subfield code="p">39015071739382</subfield>
    <subfield code="z">v.34: Lower Canada, Hurons 1649</subfield>
  </datafield>
  <datafield tag="955" ind1=" " ind2=" ">
    <subfield code="b">BENT</subfield>
    <subfield code="p">39015071739390</subfield>
    <subfield code="z">v.33: Lower Canada, Algonkins, Hurons 1648-1649</subfield>
  </datafield>
  <datafield tag="955" ind1=" " ind2=" ">
    <subfield code="b">BENT</subfield>
    <subfield code="p">39015071739408</subfield>
    <subfield code="z">v.32: Gaspe, Hurons, Lower Canada 1647-1648</subfield>
  </datafield>
  <datafield tag="955" ind1=" " ind2=" ">
    <subfield code="b">BENT</subfield>
    <subfield code="p">39015071739416</subfield>
    <subfield code="z">v.31: Iroquois, Lower Canada, Abenakis 1647</subfield>
  </datafield>
  <datafield tag="955" ind1=" " ind2=" ">
    <subfield code="b">BENT</subfield>
    <subfield code="p">39015071739424</subfield>
    <subfield code="z">v.39: Hurons 1653</subfield>
  </datafield>
  <datafield tag="955" ind1=" " ind2=" ">
    <subfield code="b">BENT</subfield>
    <subfield code="p">39015071739432</subfield>
    <subfield code="z">v.38: Abenakis, Lower Canada, Hurons 1652-1653</subfield>
  </datafield>
  <datafield tag="955" ind1=" " ind2=" ">
    <subfield code="b">BENT</subfield>
    <subfield code="p">39015071739440</subfield>
    <subfield code="z">v.36: Lower Canada, Abenakis 1650-1651</subfield>
  </datafield>
  <datafield tag="955" ind1=" " ind2=" ">
    <subfield code="b">BENT</subfield>
    <subfield code="p">39015071739457</subfield>
    <subfield code="z">v.35: Hurons, Lower Canada, Algonkins 1650</subfield>
  </datafield>
  <datafield tag="955" ind1=" " ind2=" ">
    <subfield code="b">BENT</subfield>
    <subfield code="p">39015071739465</subfield>
    <subfield code="z">v.37: Lower Canada, Abenakis 1651-1652</subfield>
  </datafield>
  <datafield tag="955" ind1=" " ind2=" ">
    <subfield code="b">BENT</subfield>
    <subfield code="p">39015071739473</subfield>
    <subfield code="z">v.30: Hurons, Lower Canada 1646-1647</subfield>
  </datafield>
  <datafield tag="955" ind1=" " ind2=" ">
    <subfield code="b">BENT</subfield>
    <subfield code="p">39015071739481</subfield>
    <subfield code="z">v.29: Iroquois, Lower Canada, Hurons 1646</subfield>
  </datafield>
  <datafield tag="955" ind1=" " ind2=" ">
    <subfield code="b">BENT</subfield>
    <subfield code="p">39015071739499</subfield>
    <subfield code="z">v.28: Hurons, Iroquois, Lower Canada 1645-1646</subfield>
  </datafield>
  <datafield tag="955" ind1=" " ind2=" ">
    <subfield code="b">BENT</subfield>
    <subfield code="p">39015071739507</subfield>
    <subfield code="z">v.25: Iroquois, Hurons, Quebec 1642-1644</subfield>
  </datafield>
  <datafield tag="955" ind1=" " ind2=" ">
    <subfield code="b">BENT</subfield>
    <subfield code="p">39015071739515</subfield>
    <subfield code="z">v.27: Hurons, Lower Canada 1642-1645</subfield>
  </datafield>
  <datafield tag="955" ind1=" " ind2=" ">
    <subfield code="b">BENT</subfield>
    <subfield code="p">39015071739523</subfield>
    <subfield code="z">v.26: Lower Canada, Hurons 1642-1644</subfield>
  </datafield>
  <datafield tag="955" ind1=" " ind2=" ">
    <subfield code="b">BENT</subfield>
    <subfield code="p">39015071739531</subfield>
    <subfield code="z">v.24: Lower Canada, Iroquois 1642-1643</subfield>
  </datafield>
  <datafield tag="955" ind1=" " ind2=" ">
    <subfield code="b">BENT</subfield>
    <subfield code="p">39015071739549</subfield>
    <subfield code="z">v.23: Hurons, Quebec, Iroquois 1642-1643</subfield>
  </datafield>
  <datafield tag="955" ind1=" " ind2=" ">
    <subfield code="b">BENT</subfield>
    <subfield code="p">39015071739556</subfield>
    <subfield code="z">v.22: Quebec, Hurons 1642</subfield>
  </datafield>
  <datafield tag="955" ind1=" " ind2=" ">
    <subfield code="b">BENT</subfield>
    <subfield code="p">39015071739564</subfield>
    <subfield code="z">v.21: Quebec, Hurons 1641-1642</subfield>
  </datafield>
  <datafield tag="955" ind1=" " ind2=" ">
    <subfield code="b">BENT</subfield>
    <subfield code="p">39015071739572</subfield>
    <subfield code="z">v.20: Hurons, Quebec 1640-1641</subfield>
  </datafield>
  <datafield tag="955" ind1=" " ind2=" ">
    <subfield code="b">BENT</subfield>
    <subfield code="p">39015071739580</subfield>
    <subfield code="z">v.52: Lower Canada, Iroquois, Ottawas 1667-1669</subfield>
  </datafield>
  <datafield tag="955" ind1=" " ind2=" ">
    <subfield code="b">BENT</subfield>
    <subfield code="p">39015071739598</subfield>
    <subfield code="z">v.51: Ottawas, Lower Canada, Iroquois 1666-1668</subfield>
  </datafield>
  <datafield tag="955" ind1=" " ind2=" ">
    <subfield code="b">BENT</subfield>
    <subfield code="p">39015071739606</subfield>
    <subfield code="z">v.53: Lower Canada, Iroquois 1669-1670</subfield>
  </datafield>
  <datafield tag="955" ind1=" " ind2=" ">
    <subfield code="b">BENT</subfield>
    <subfield code="p">39015071739614</subfield>
    <subfield code="z">v.54: Iroquois, Ottawas, Lower Canada 1669-1671</subfield>
  </datafield>
  <datafield tag="955" ind1=" " ind2=" ">
    <subfield code="b">BENT</subfield>
    <subfield code="p">39015071739622</subfield>
    <subfield code="z">v.57 Hurons, Iroquois, Ottawas 1672-1673</subfield>
  </datafield>
  <datafield tag="955" ind1=" " ind2=" ">
    <subfield code="b">BENT</subfield>
    <subfield code="p">39015071739630</subfield>
    <subfield code="z">v.58: Ottawas, Lower Canada, Iroquois 1672-1674</subfield>
  </datafield>
  <datafield tag="955" ind1=" " ind2=" ">
    <subfield code="b">BENT</subfield>
    <subfield code="p">39015071739648</subfield>
    <subfield code="z">v.55: Lower Canada, Iroquois, Ottawas 1670-1672</subfield>
  </datafield>
  <datafield tag="955" ind1=" " ind2=" ">
    <subfield code="b">BENT</subfield>
    <subfield code="p">39015071739655</subfield>
    <subfield code="z">v.56: Lower Canada, Iroquois, Ottawas, Hudson Bay 1671-1672</subfield>
  </datafield>
  <datafield tag="955" ind1=" " ind2=" ">
    <subfield code="b">BENT</subfield>
    <subfield code="p">39015071739663</subfield>
    <subfield code="z">v.40 Hurons, Lower Canada, Ottawas 1653</subfield>
  </datafield>
  <datafield tag="955" ind1=" " ind2=" ">
    <subfield code="b">BENT</subfield>
    <subfield code="p">39015071739671</subfield>
    <subfield code="z">v.41: Lower Canada, Iroquois 1654-1656</subfield>
  </datafield>
  <datafield tag="955" ind1=" " ind2=" ">
    <subfield code="b">BENT</subfield>
    <subfield code="p">39015071739689</subfield>
    <subfield code="z">v.42: Lower Canada, Iroquois 1632-1657</subfield>
  </datafield>
  <datafield tag="955" ind1=" " ind2=" ">
    <subfield code="b">BENT</subfield>
    <subfield code="p">39015071739697</subfield>
    <subfield code="z">v.43: Lower Canada, Iroquois 1656-1657</subfield>
  </datafield>
  <datafield tag="955" ind1=" " ind2=" ">
    <subfield code="b">BENT</subfield>
    <subfield code="p">39015071739705</subfield>
    <subfield code="z">v.44: Iroquois, Lower Canada 1656-1658</subfield>
  </datafield>
  <datafield tag="955" ind1=" " ind2=" ">
    <subfield code="b">BENT</subfield>
    <subfield code="p">39015071739713</subfield>
    <subfield code="z">v.45: Lower Canada, Acadia, Iroquois 1659-1660</subfield>
  </datafield>
  <datafield tag="955" ind1=" " ind2=" ">
    <subfield code="b">BENT</subfield>
    <subfield code="p">39015071739721</subfield>
    <subfield code="z">v.46: Lower Canada, Ottawas, Canadian Interior 1659-1661</subfield>
  </datafield>
  <datafield tag="955" ind1=" " ind2=" ">
    <subfield code="b">BENT</subfield>
    <subfield code="p">39015071739739</subfield>
    <subfield code="z">v.47: Iroquois, Lower Canada 1661-1663</subfield>
  </datafield>
  <datafield tag="955" ind1=" " ind2=" ">
    <subfield code="b">BENT</subfield>
    <subfield code="p">39015071739747</subfield>
    <subfield code="z">v.48: Lower Canada, Ottawas 1662-1664</subfield>
  </datafield>
  <datafield tag="955" ind1=" " ind2=" ">
    <subfield code="b">BENT</subfield>
    <subfield code="p">39015071739754</subfield>
    <subfield code="z">v.49: Lower Canada, Iroquois 1663-1665</subfield>
  </datafield>
  <datafield tag="955" ind1=" " ind2=" ">
    <subfield code="b">BENT</subfield>
    <subfield code="p">39015071739762</subfield>
    <subfield code="z">v.50: Lower Canada, Iroquois, Ottawas 1664-1667</subfield>
  </datafield>
  <datafield tag="955" ind1=" " ind2=" ">
    <subfield code="b">BENT</subfield>
    <subfield code="p">39015071739770</subfield>
    <subfield code="z">v.72: Index A-I</subfield>
  </datafield>
  <datafield tag="955" ind1=" " ind2=" ">
    <subfield code="b">BENT</subfield>
    <subfield code="p">39015071739788</subfield>
    <subfield code="z">v.70: All Missions 1747-1764</subfield>
  </datafield>
  <datafield tag="955" ind1=" " ind2=" ">
    <subfield code="b">BENT</subfield>
    <subfield code="p">39015071739796</subfield>
    <subfield code="z">v.69: All Missions 1710-1756</subfield>
  </datafield>
  <datafield tag="955" ind1=" " ind2=" ">
    <subfield code="b">BENT</subfield>
    <subfield code="p">39015071739804</subfield>
    <subfield code="z">v.73: Index J-Z</subfield>
  </datafield>
  <datafield tag="955" ind1=" " ind2=" ">
    <subfield code="b">BENT</subfield>
    <subfield code="p">39015071739812</subfield>
    <subfield code="z">v.71: Lower Canada, Illinois 1659-1691, Miscellaneous Data</subfield>
  </datafield>
  <datafield tag="955" ind1=" " ind2=" ">
    <subfield code="b">BENT</subfield>
    <subfield code="p">39015071739820</subfield>
    <subfield code="z">v.67: Lower Canada, Abenakis, Louisiana 1716-1727</subfield>
  </datafield>
  <datafield tag="955" ind1=" " ind2=" ">
    <subfield code="b">BENT</subfield>
    <subfield code="p">39015071739838</subfield>
    <subfield code="z">v.68: Lower Canada, Crees, Louisiana 1720-1736</subfield>
  </datafield>
  <datafield tag="955" ind1=" " ind2=" ">
    <subfield code="b">BENT</subfield>
    <subfield code="p">39015071739846</subfield>
    <subfield code="z">v.65: Lower Canada, Mississippi Valley 1696-1702</subfield>
  </datafield>
  <datafield tag="955" ind1=" " ind2=" ">
    <subfield code="b">BENT</subfield>
    <subfield code="p">39015071739853</subfield>
    <subfield code="z">v.66: Illinois, Louisiana, Iroquois, Lower Canada 1702-1712</subfield>
  </datafield>
  <datafield tag="955" ind1=" " ind2=" ">
    <subfield code="b">BENT</subfield>
    <subfield code="p">39015071739861</subfield>
    <subfield code="z">v.63: Lower Canada, Iroquois 1667-1687</subfield>
  </datafield>
  <datafield tag="955" ind1=" " ind2=" ">
    <subfield code="b">BENT</subfield>
    <subfield code="p">39015071739879</subfield>
    <subfield code="z">v.64: Ottawas, Lower Canada, Iroquois, Illinois 1689-1695</subfield>
  </datafield>
  <datafield tag="955" ind1=" " ind2=" ">
    <subfield code="b">BENT</subfield>
    <subfield code="p">39015071739887</subfield>
    <subfield code="z">v.61: All Missions 1677-1680</subfield>
  </datafield>
  <datafield tag="955" ind1=" " ind2=" ">
    <subfield code="b">BENT</subfield>
    <subfield code="p">39015071739895</subfield>
    <subfield code="z">v.62: Lower Canada, Iroquois, Ottawas 1681-1683</subfield>
  </datafield>
  <datafield tag="955" ind1=" " ind2=" ">
    <subfield code="b">BENT</subfield>
    <subfield code="p">39015071739903</subfield>
    <subfield code="z">v.59: Lower Canada, Illinois, Ottawas 1673-1677</subfield>
  </datafield>
  <datafield tag="955" ind1=" " ind2=" ">
    <subfield code="b">BENT</subfield>
    <subfield code="p">39015071739911</subfield>
    <subfield code="z">v.60: Lower Canada, Illinois, Iroquois, Ottawas 1675-1677</subfield>
  </datafield>
</record>
